<?xml version="1.0" encoding="UTF-8"?><collection xmlns="http://www.loc.gov/MARC21/slim"><record><leader>00470nam--2200169-i-4500</leader><controlfield tag="001">000008909</controlfield><controlfield tag="002">20161230</controlfield><controlfield tag="005">20170302175321</controlfield><controlfield tag="008">060222s1000------------r-----000-0-eng-d</controlfield><datafield ind1=" " ind2=" " tag="100"><subfield code="a">Brown, William M</subfield></datafield><datafield ind1=" " ind2=" " tag="245"><subfield code="a">Random processes, communications and radar</subfield></datafield><datafield ind1=" " ind2=" " tag="260"><subfield code="a">New York</subfield><subfield code="b">Mcgraw-hill Book Co</subfield><subfield code="c">1969</subfield></datafield><datafield ind1=" " ind2=" " tag="300"><subfield code="a">X + 323 p</subfield></datafield><datafield ind1=" " ind2=" " tag="490"><subfield code="a">Mcgraw-hill Electronic Sciences Series</subfield></datafield><datafield ind1=" " ind2=" " tag="700"><subfield code="a">Palermo, Carmen J</subfield></datafield><datafield ind1=" " ind2=" " tag="852"><subfield code="a">621.391</subfield></datafield><datafield ind1=" " ind2=" " tag="CAT"><subfield code="a">SYS</subfield><subfield code="c">20170302</subfield><subfield code="h">175321</subfield></datafield></record></collection>